

@online{NATi1,
    YEAR = {2021-04-16 10:08 MEZ},
    TITLE = {Network address translation between a private network and the Internet},
    URL = {https://en.wikipedia.org/wiki/Network_address_translation#/media/File:NAT_Concept-en.svg}
}

@online{NATi2,
    YEAR = {2021-04-16 10:10 MEZ},
    TITLE = {Network address mapping},
    URL = {https://en.wikipedia.org/wiki/Network_address_translation#/media/File:Network_Address_Translation_(file2).jpg}
}
 
@online{NAT1,
    YEAR = {2021-04-16 10:10 MEZ},
    TITLE = {Traditional NAT},
    URL = {https://tools.ietf.org/html/rfc3022}
}

@online{WANB,
    YEAR = {2021-04-16 12:10 MEZ},
    TITLE = {Multi-WAN-Bonding Ãœbersicht},
    URL = {https://www.0und1.net/index.php/wanbuendelung}
}